@misc{cgmarket,
	author	  = {Jon Peddie Research},
	title     = {The {CG} market will exceed \$235 billion by 2018},
	year      = {2017},
	howpublished = "\url{http://jonpeddie.com/press-releases/details/the-cg-market-will-exceed-235-billion-by-2018}",
	note = "[Online; accessed 11-May-2017]"
}

@article{3dprinting,
	author    = {Ventola, C. L.},
	title     = {Medical Applications for {3D} Printing: Current and Projected Uses},
	publisher = {Pharmacy and Therapeutics},
	volume	  = {39(10)},
	pages	  = {704-711},
	year      = {2014}
}

@article{simulation, 
	author={Y. Gao and P. Liu and D. Liu and L. Zhang}, 
	publisher={2011 Asia-Pacific Power and Energy Engineering Conference}, 
	title={3{D} Simulation Research on Hazard of Fuel System Leakage of {LNG} Bus}, 
	year={2011}, 
	pages={1-4}, 
}

@book{curseofdim,
	author    = {Bellman, R. E.},
	title     = {Dynamic Programming},
	publisher = {Princeton, NJ: Princeton University Press},
	year      = {1957}
}