@book{latexbook1,
  author    = {L. Lamport},
  title     = {{\LaTeX}: {A} Document Preparation System},
  publisher = {Addison-Wesley},
  year      = {1986}
}

@book{latexbook2,
  author    = {F. Mittelbach and M. Goossens and J. Braams and D. Carlisle and C. Rowley},
  title     = {The {\LaTeX} Companion},
  edition   = {2nd},
  publisher = {Addison-Wesley},
  year      = {2004}
}

@book{mri,
	author = {[MRI] http://www.stat.columbia.edu/~martin/Papers/STS282.pdf}
}

@book{polyhedron,
	author = {[POLYHEDRON] http://dl.acm.org/citation.cfm?doid=1499949.1500071}
}

@book{procedural1,
	author = {[Procedural1] http://ieeexplore.ieee.org/stamp/stamp.jsp?arnumber=6363215}
}

@book{procedural2,
	author = {[Procedural2] http://hpcg.purdue.edu/papers/Smelik14CGF.pdf}
}

@book{MLMethods,
	author = {[ML] from http://opus.bath.ac.uk/41075/}
}

@book{tsr,
	author = {[TSR] https://www.thesimsresource.com/}
}

@book{edgeloops,
	author = {[Edge loops] https://sites.ualberta.ca/~cwant/blender/derived-surfaces.pdf}
}

@book{pca1901,
	author = {[PCA 1901] http://stat.smmu.edu.cn/history/pearson1901.pdf}
}

@book{pca2002,
	author = {[PCA2] http://cda.psych.uiuc.edu/statistical_learning_course/Jolliffe%20I.%20Principal%20Component%20Analysis%20(2ed.,%20Springer,%202002)(518s)_MVsa_.pdf}
}

@book{fontmanifold,
	author    = {CAMPBELL, N. D., AND KAUTZ, J.},
	title     = {Learning a manifold of fonts},
	publisher = {ACM Transactions on Graphics (TOG) 33, 4, 91.},
	year      = {2014}
}

@book{autohair,
	author    = {CHAI, M., SHAO, T., WU, H., WENG, Y., AND ZHOU, K},
	title     = {AutoHair: Fully automatic hair modeling from a single image},
	publisher = {ACM Trans. Graph. 35, 4 (July), 116:1â€“116:12},
	year      = {2016}
}
